{
  "id": "replace_recordId",
  "snapshotId": "replace_snapshotId",
  "matchedId": "replace_recordId",
  "recordType": "MARC_AUTHORITY",
  "rawRecord": {
    "id": "replace_recordId",
    "content": "00512nz  a2200181n  4500001001300000003000400013005001700017008004100034010001700075035002300092040003000115043001200145110002500157410001800182670004400200670003300244n  79018774 DLC20200423104752.0740627n| azannaabn          |a aaa      n-us---1 aLibrary of Congress1 aCongress Library  aIts Library of Congress catalog, 1953.  aIts Annual report, 1st, 1899."
  },
  "parsedRecord": {
    "id": "replace_recordId",
    "content": {
      "fields": [
        {
          "001": "n  79018774 "
        },
        {
          "003": "DLC"
        },
        {
          "008": "740627n| azannaabn          |a aaa    "
        },
        {
          "005": "20200423104752.0"
        },
        {
          "010": {
            "ind1": " ",
            "ind2": " ",
            "subfields": [
              {
                "a": "n  79018774 "
              }
            ]
          }
        },
        {
          "035": {
            "ind1": " ",
            "ind2": " ",
            "subfields": [
              {
                "a": "(OCoLC)oca00509913"
              }
            ]
          }
        },
        {
          "040": {
            "ind1": " ",
            "ind2": " ",
            "subfields": [
              {
                "a": "DLC"
              },
              {
                "b": "eng"
              },
              {
                "c": "DLC"
              },
              {
                "d": "OCoLC"
              },
              {
                "d": "DLC"
              }
            ]
          }
        },
        {
          "043": {
            "ind1": " ",
            "ind2": " ",
            "subfields": [
              {
                "a": "n-us---"
              }
            ]
          }
        },
        {
          "110": {
            "ind1": "1",
            "ind2": " ",
            "subfields": [
              {
                "a": "Library of Congress"
              }
            ]
          }
        },
        {
          "410": {
            "ind1": "1",
            "ind2": " ",
            "subfields": [
              {
                "a": "Congress Library"
              }
            ]
          }
        },
        {
          "670": {
            "ind1": " ",
            "ind2": " ",
            "subfields": [
              {
                "a": "Its Library of Congress catalog, 1953."
              }
            ]
          }
        },
        {
          "670": {
            "ind1": " ",
            "ind2": " ",
            "subfields": [
              {
                "a": "Its Annual report, 1st, 1899."
              }
            ]
          }
        },
        {
          "999": {
            "ind1": "f",
            "ind2": "f",
            "subfields": [
              {
                "s": "replace_recordId"
              },
              {
                "i": "replace_authorityId"
              }
            ]
          }
        }
      ],
      "leader": "00612nz  a2200193n  4500"
    }
  },
  "deleted": false,
  "order": 0,
  "externalIdsHolder": {
    "authorityId": "replace_authorityId",
    "authorityHrid": "n  79018774 "
  },
  "additionalInfo": {
    "suppressDiscovery": false
  },
  "metadata": {
    "createdDate": "2022-06-20T10:15:30.456+0000",
    "updatedDate": "2022-06-20T10:15:35.789+0000"
  }
}